@article{smaplearticle,
     author = "First A.",
     title = "{Extended Theories of Gravity}",
     eprint = "0000.0000",
     archivePrefix = "arXiv",
     doi = "DOI",
     journal = "JHEP",
     volume = "VV",
     pages = "PPP",
     year = "YYYY"
}

@BOOK{principles,%(principles would be used as a label for referring to this source in report)
  TITLE = {Fundamental Principles of Optical Lithography},
  SUBTITLE = {The Science of Microfabrication},
  AUTHOR = {Mack, Chris A},
  YEAR = {2007}, % I looked it up
  PUBLISHER = {Wiley},
}